<?xml version="1.0" encoding="UTF-8"?><record xmlns="http://www.loc.gov/MARC21/slim" xmlns:cinclude="http://apache.org/cocoon/include/1.0" xmlns:zs="http://www.loc.gov/zing/srw/">
  <leader>01766cz  a2200229n  4500</leader>
  <controlfield tag="001">nr2002045011</controlfield>
  <controlfield tag="003">DLC</controlfield>
  <controlfield tag="005">20141208173947.0</controlfield>
  <controlfield tag="008">021212n| azannaabn          |a aaa     c</controlfield>
  <datafield tag="010" ind1=" " ind2=" ">
    <subfield code="a">nr2002045011</subfield>
    <subfield code="z">n 2014071369</subfield>
  </datafield>
  <datafield tag="040" ind1=" " ind2=" ">
    <subfield code="a">UkCU</subfield>
    <subfield code="b">eng</subfield>
    <subfield code="e">rda</subfield>
    <subfield code="c">UkCU</subfield>
    <subfield code="d">DLC</subfield>
  </datafield>
  <datafield tag="046" ind1=" " ind2=" ">
    <subfield code="f">1815</subfield>
    <subfield code="g">1882</subfield>
  </datafield>
  <datafield tag="100" ind1="1" ind2=" ">
    <subfield code="a">Murray, Elizabeth,</subfield>
    <subfield code="d">1815-1882</subfield>
  </datafield>
  <datafield tag="374" ind1=" " ind2=" ">
    <subfield code="a">Painters</subfield>
    <subfield code="2">lcsh</subfield>
  </datafield>
  <datafield tag="375" ind1=" " ind2=" ">
    <subfield code="a">female</subfield>
  </datafield>
  <datafield tag="377" ind1=" " ind2=" ">
    <subfield code="a">eng</subfield>
  </datafield>
  <datafield tag="400" ind1="1" ind2=" ">
    <subfield code="a">Heaphy, Elizabeth,</subfield>
    <subfield code="d">1815-1882</subfield>
  </datafield>
  <datafield tag="400" ind1="1" ind2=" ">
    <subfield code="a">Murray, Elizabeth Heaphy,</subfield>
    <subfield code="d">1815-1882</subfield>
  </datafield>
  <datafield tag="670" ind1=" " ind2=" ">
    <subfield code="a">Elizabeth Murray, 1982:</subfield>
    <subfield code="b">p. 25 (b. Elizabeth Heaphy in London, 1815) p. 29 (became member of the Institute of Painters in Water-colour) p. 30 (d. Dec. 8, 1882, San Remo)</subfield>
  </datafield>
  <datafield tag="670" ind1=" " ind2=" ">
    <subfield code="a">Sixteen years of an artist's life in Morocco, Spain, and the Canary Islands, 1859:</subfield>
    <subfield code="b">t.p. (Mrs. Elizabeth Murray)</subfield>
  </datafield>
  <datafield tag="670" ind1=" " ind2=" ">
    <subfield code="a">NUCMC data from Maine Hist. Soc. for Elizabeth Heaphy Murray research collection, 1977-2012</subfield>
    <subfield code="b">(Elizabeth Heaphy Murray (1815-1882) was an English water-color painter in the 19th century. The daughter of Thomas Heaphy, court painter to King George IV, Murray founded the Society of Female Artists in London. From 1860 to 1876 she resided in Portland, Me., where her husband, Henry Murray, served as the British Consul. It was in Portland that she gained notoriety and penning a book on painting titled "The Modern System of Painting in Water Colours from the Living Model." Her work has been noted among that of the 19th century's most influential female painters. In an 1863 letter to the editor of the Daily Press (of Portland, Me.) touting the presence of Elizabeth Heaphy Murray in Portland, Murray is referred to as "one of the most gifted artists of the age.")</subfield>
  </datafield>
  <datafield tag="670" ind1=" " ind2=" ">
    <subfield code="a">LC database, Nov. 17, 2014</subfield>
    <subfield code="b">(hdg.: Murray, Elizabeth Heaphy, Mrs., -1882)</subfield>
  </datafield>
</record>